<record><leader>00000cas a22000007a 4500</leader><controlfield tag="001">6638057</controlfield><controlfield tag="008">800820d19751977wiuwr ne      0   a0eng d</controlfield><controlfield tag="009">1344</controlfield><datafield ind1=" " ind2=" " tag="010"><subfield code="a">sn 86086270 </subfield></datafield><datafield ind1=" " ind2=" " tag="040"><subfield code="a">GZU</subfield><subfield code="b">eng</subfield><subfield code="c">GZU</subfield><subfield code="d">NPV</subfield><subfield code="d">OCLCQ</subfield></datafield><datafield ind1="1" ind2=" " tag="029"><subfield code="a">AU@</subfield><subfield code="b">000025825872</subfield></datafield><datafield ind1=" " ind2=" " tag="042"><subfield code="a">msc</subfield></datafield><datafield ind1=" " ind2=" " tag="043"><subfield code="a">n-us-wi</subfield></datafield><datafield ind1=" " ind2=" " tag="045"><subfield code="a">x7x7</subfield></datafield><datafield ind1=" " ind2=" " tag="052"><subfield code="a">4123</subfield><subfield code="b">V4</subfield></datafield><datafield ind1=" " ind2=" " tag="090"><subfield code="a">F589.S79</subfield><subfield code="b">C45</subfield></datafield><datafield ind1="0" ind2="4" tag="245"><subfield code="a">The Stoddard Tuesday advertiser.</subfield></datafield><datafield ind1=" " ind2=" " tag="260"><subfield code="a">Stoddard, Wis. :</subfield><subfield code="b">Chipmunk Press,</subfield><subfield code="c">1975-1977.</subfield></datafield><datafield ind1=" " ind2=" " tag="300"><subfield code="a">3 v. :</subfield><subfield code="b">ill. ;</subfield><subfield code="c">29 cm.</subfield></datafield><datafield ind1=" " ind2=" " tag="310"><subfield code="a">Weekly</subfield></datafield><datafield ind1="0" ind2=" " tag="362"><subfield code="a">No. 2 (July 21, 1975)-v. 3, no. 12 (Mar. 22, 1977).</subfield></datafield><datafield ind1=" " ind2=" " tag="500"><subfield code="a">Editors: H. Griellig, July 29, 1975-Dec. 30, 1975; P.D. De Cicco, Jan. 6, 1976-March 22, 1977.</subfield></datafield><datafield ind1=" " ind2=" " tag="530"><subfield code="a">Available on microfilm from the State Historical Society of Wisconsin.</subfield></datafield><datafield ind1=" " ind2=" " tag="752"><subfield code="a">United States</subfield><subfield code="b">Wisconsin</subfield><subfield code="c">Vernon</subfield><subfield code="d">Stoddard.</subfield></datafield><datafield ind1="0" ind2="0" tag="785"><subfield code="t">Last Stoddard Tuesday advertiser</subfield><subfield code="w">(DLC)sn 86086271</subfield></datafield></record>